<record xmlns="http://www.loc.gov/MARC21/slim" xmlns:xsi="http://www.w3.org/2001/XMLSchema-instance" xsi:schemaLocation="http://www.loc.gov/MARC21/slim http://www.loc.gov/standards/marcxml/schema/MARC21slim.xsd"><leader>     nam a22        4500</leader><controlfield tag="001">3068226</controlfield><controlfield tag="003">NNC</controlfield><controlfield tag="006">m        d        </controlfield><controlfield tag="007">cr cn |||m|||a</controlfield><controlfield tag="008">150313s1960    ir      o     000 0 ara d</controlfield><datafield ind1=" " ind2=" " tag="040"><subfield code="a">NNU</subfield><subfield code="b">eng</subfield><subfield code="e">rda</subfield><subfield code="c">NNU</subfield></datafield><datafield ind1="0" ind2=" " tag="041"><subfield code="a">ara</subfield><subfield code="a">per</subfield></datafield><datafield ind1="1" ind2=" " tag="100"><subfield code="a">Ibn al-Shahi&#772;d al-Tha&#772;ni&#772;, al-H&#803;asan,</subfield><subfield code="d">1551 or 1552-1602 or 1603.</subfield></datafield><datafield ind1="1" ind2="0" tag="245"><subfield code="a">Ma&#700;a&#772;lim al-us&#803;u&#772;l :</subfield><subfield code="b">bi-z&#818;ami&#772;mah-&#700;i tarjamah va sharh&#803;-i A&#772;qa&#772; Ha&#772;di&#772; Mutarjim Ma&#772;zandara&#772;ni&#772; ; ba&#772; muqaddamah dar sharh&#803;-i ah&#803;va&#772;l va a&#772;s&#818;a&#772;r-i mu&#700;allif va sharh&#803; va tas&#803;h&#803;i&#772;h&#803;-i Mudarrisi&#772; Chaha&#772;rdahi&#772;.</subfield></datafield><datafield ind1=" " ind2=" " tag="260"><subfield code="a">[Tehran] :</subfield><subfield code="b">Kita&#772;bfuru&#772;shi&#772;-i Shafi&#772;&#699;i&#772;,</subfield><subfield code="c">1379 [1960]</subfield></datafield><datafield ind1=" " ind2=" " tag="300"><subfield code="a">online resource (4, 444 pages)</subfield></datafield><datafield ind1=" " ind2=" " tag="336"><subfield code="a">text</subfield><subfield code="2">rdacontent</subfield></datafield><datafield ind1=" " ind2=" " tag="337"><subfield code="a">computer</subfield><subfield code="2">rdamedia</subfield></datafield><datafield ind1=" " ind2=" " tag="338"><subfield code="a">online resource</subfield><subfield code="2">rdacarrier</subfield></datafield><datafield ind1=" " ind2=" " tag="500"><subfield code="a">Text in Arabic; introd. and explanation in Persian.</subfield></datafield><datafield ind1=" " ind2=" " tag="500"><subfield code="a">Lithographed.</subfield></datafield><datafield ind1=" " ind2=" " tag="500"><subfield code="a">Part of the Arabic Collections Online (ACO) project, contributed by Columbia University Libraries.</subfield></datafield><datafield ind1=" " ind2=" " tag="533"><subfield code="a">Electronic reproduction.</subfield><subfield code="b">New York, N.Y. :</subfield><subfield code="c">New York University,</subfield><subfield code="d">2015.</subfield><subfield code="5">NNU</subfield></datafield><datafield ind1=" " ind2="0" tag="650"><subfield code="a">Islamic law.</subfield></datafield><datafield ind1=" " ind2="7" tag="650"><subfield code="a">Islamic law.</subfield><subfield code="2">fast</subfield><subfield code="0">(OCoLC)fst00979949</subfield></datafield><datafield ind1="1" ind2=" " tag="700"><subfield code="a">Mutarjim al-Ma&#772;zandara&#772;ni&#772;, Muh&#803;ammad Ha&#772;di&#772; ibn Muh&#803;ammad Sa&#772;lih&#803;.</subfield></datafield><datafield ind1="1" ind2=" " tag="700"><subfield code="a">Mudarrisi&#772; Chaha&#772;rdahi&#772;, Murtaz&#804;a&#769;.</subfield></datafield><datafield ind1="2" ind2=" " tag="710"><subfield code="a">Columbia University.</subfield><subfield code="b">Libraries.</subfield></datafield><datafield ind1="0" ind2=" " tag="730"><subfield code="a">Arabic Collections Online.</subfield></datafield><datafield ind1="0" ind2="8" tag="776"><subfield code="i">Print version:</subfield><subfield code="a">Ibn al-Shahi&#772;d al-Tha&#772;ni&#772;, al-H&#803;asan, 1551 or 1552-1602 or 1603.</subfield><subfield code="t">Ma&#700;a&#772;lim al-us&#803;u&#772;l</subfield><subfield code="w">(NNC)3068226</subfield><subfield code="w">(OCoLC)50200527</subfield></datafield><datafield ind1="4" ind2="0" tag="856"><subfield code="u">http://hdl.handle.net/2333.1/jwstqn5s</subfield></datafield><datafield ind1=" " ind2=" " tag="959"><subfield code="a">NNU</subfield><subfield code="b">WEB</subfield><subfield code="c">GENI</subfield><subfield code="t">0</subfield><subfield code="m">Electronic access</subfield><subfield code="s">01</subfield></datafield><datafield ind1=" " ind2=" " tag="999"><subfield code="i">NNC_3068226</subfield><subfield code="o">(OCoLC)ocm50200527 </subfield><subfield code="s">columbia_aco000541</subfield><subfield code="e">(ERROR-880)</subfield></datafield></record>